@inproceedings{szoke2020developing,
title={Developing a numerical model of the Virginia Tech stability wind tunnel for uncertainty quantification based on real-world geometry},
author={Szoke, M. and Vishwanathan, V. and Loeschen, T. and Gargiulo, A. and Fritsch, D. J. and Duetsch-Patel, J. E. and Borgoltz, A. and Roy, C. J. and Lowe, K. T. and Devenport, W. J.},
booktitle={AIAA Scitech 2020 Forum},
pages={0343},
year={2020}
}

@article{cattafesta2010fundamentals,
title={Fundamentals of wind-tunnel design},
author={Cattafesta, L. and Bahr, C. and Mathew, J.},
journal={Encyclopedia of Aerospace Engineering},
pages={1--10},
year={2010},
publisher={John Wiley \& Sons}
}

@article{chakravarthy2018analytical,
title={Analytical and numerical study of normal shock response in a uniform duct},
author={Chakravarthy, R. V. K. and Nair, V. and Muruganandam, T. M. and Ghosh, S.},
journal={Physics of Fluids},
volume={30},
number={8},
pages={086101},
year={2018},
publisher={AIP Publishing LLC}
}

@article{karthick2021shock,
title={Shock and shear layer interactions in a confined supersonic cavity flow},
author={Karthick, S. K.},
journal={Physics of Fluids},
volume={33},
number={6},
pages={066102},
year={2021},
publisher={AIP Publishing LLC}
}

@article{mittal2016flexible,
title={A flexible uncertainty propagation framework for general multiphysics systems},
author={Mittal, A. and Chen, X. and Tong, C. H. and Iaccarino, G.},
journal={SIAM/ASA Journal on Uncertainty Quantification},
volume={4},
number={1},
pages={218--243},
year={2016},
publisher={SIAM}
}

@article{don2013accuracy,
title={Accuracy of the weighted essentially non--oscillatory conservative finite difference schemes},
author={Don, W.-S. and Borges, R.},
journal={Journal of Computational Physics},
volume={250},
pages={347--372},
year={2013},
publisher={Elsevier}
}

@article{ducros1999large,
title={Large-eddy simulation of the shock/turbulence interaction},
author={Ducros, F. and Ferrand, V. and Nicoud, F. and Weber, C. and Darracq, D. and Gacherieu, C. and Poinsot, T.},
journal={Journal of Computational Physics},
volume={152},
number={2},
pages={517--549},
year={1999},
publisher={Elsevier}
}

@article{gottlieb1998total,
title={Total variation diminishing {R}unge--{K}utta schemes},
author={Gottlieb, S. and Shu, C.-W.},
journal={Mathematics of Computation},
volume={67},
number={221},
pages={73--85},
year={1998}
}

@book{stull1971janaf,
title = {\texttt{JANAF} thermochemical tables},
publisher = {U.S. Dept. of Commerce, National Bureau of Standards},
author = {Prophet, H. and Stull, D. R. and {United States} and {National Bureau of Standards}},
year = {1971},
}

@phdthesis{boukharfane2018contribution,
title={Contribution {\`a} la simulation num{\'e}rique d'{\'e}coulements turbulents compressibles canoniques},
author={Boukharfane, R.},
year={2018},
school={\'Ecole Nationale Supérieure de Mécanique et d'Aérotechnique}
}

@book{ghanem2003stochastic,
title={Stochastic finite elements: a spectral approach},
author={Ghanem, R. G. and Spanos, P. D.},
year={2003},
publisher={Courier Corporation}
}

@book{le2010spectral,
title={Spectral methods for uncertainty quantification: with applications to computational fluid dynamics},
author={Le Ma{\^\i}tre, O. and Knio, O. M.},
year={2010},
publisher={Springer Science \& Business Media}
}

@article{lucor2007sensitivity,
title={Sensitivity analysis of large-eddy simulations to subgrid-scale-model parametric uncertainty using polynomial chaos},
author={Lucor, D. and Meyers, J. and Sagaut, P.},
journal={Journal of Fluid Mechanics},
volume={585},
pages={255--279},
year={2007},
publisher={Cambridge University Press}
}

@book{stull1971janaf,
title={JANAF Thermochemical Tables},
author={Stull, D. R. and Prophet, H.},
volume={1},
year={1971},
publisher={National standard reference data series}
}


@techreport{ern2004eglib,
title = {$\texttt{EGLIB}$: A general-purpose fortran library for multicomponent transport property evaluation},
author = {Ern, A. and Giovangigli, V.},
type = {Technical report},
institution = {{CERMICS}},
year = {2004}
}


@article{ramshaw2000simple,
title={Simple model for mixing at accelerated fluid interfaces with shear and compression},
author={Ramshaw, J. D.},
journal={Physical Review E},
volume={61},
number={5},
pages={5339},
year={2000},
publisher={APS}
}

@article{pantano2003mixing,
title={Mixing of a conserved scalar in a turbulent reacting shear layer},
author={Pantano, C. and Sarkar, S. and Williams, F. A.},
journal={Journal of Fluid Mechanics},
volume={481},
pages={291--328},
year={2003},
publisher={Cambridge University Press}
}

@article{mitchell1982general,
title={A general-purpose computer code for predicting chemical-kinetic behavior behind incident and reflected shocks},
author={Mitchell, R. E. and Kee, R. J.},
journal={NASA STI/Recon Technical Report N},
volume={83},
pages={27169},
year={1982}
}

@article{o2004comprehensive,
title={A comprehensive modeling study of hydrogen oxidation},
author={{\'O} Conaire, M. and Curran, H. J. and Simmie, J. M. and Pitz, W. J. and Westbrook, C. K.},
journal={International Journal of Chemical Kinetics},
volume={36},
number={11},
pages={603--622},
year={2004},
publisher={Wiley Online Library}
}